<record><leader>00000cas a2200000 a 4500</leader><controlfield tag="001">42336032</controlfield><controlfield tag="007">hd afb020bucu</controlfield><controlfield tag="007">hd bfb020bubu</controlfield><controlfield tag="008">811103d19371945wauwr nea     0   a0eng c</controlfield><datafield ind1=" " ind2=" " tag="010"><subfield code="a">  2004252362</subfield></datafield><datafield ind1=" " ind2=" " tag="040"><subfield code="a">Wa</subfield><subfield code="b">eng</subfield><subfield code="c">WRJ</subfield><subfield code="d">OCL</subfield><subfield code="d">WAU</subfield><subfield code="d">OCLCQ</subfield><subfield code="d">OCLCF</subfield><subfield code="d">OCLCO</subfield><subfield code="d">OCLCQ</subfield></datafield><datafield ind1=" " ind2=" " tag="042"><subfield code="a">pcc</subfield></datafield><datafield ind1=" " ind2=" " tag="043"><subfield code="a">n-us-wa</subfield></datafield><datafield ind1="0" ind2=" " tag="082"><subfield code="a">071.9778</subfield><subfield code="2">19</subfield></datafield><datafield ind1="0" ind2=" " tag="130"><subfield code="a">News (Buckley, Wash.)</subfield></datafield><datafield ind1="1" ind2="4" tag="245"><subfield code="a">The news.</subfield></datafield><datafield ind1=" " ind2=" " tag="260"><subfield code="a">Buckley, Wash. :</subfield><subfield code="b">R.B. Anderson,</subfield><subfield code="c">1937-1945.</subfield></datafield><datafield ind1=" " ind2=" " tag="300"><subfield code="a">8 volumes :</subfield><subfield code="b">illustrations</subfield></datafield><datafield ind1=" " ind2=" " tag="310"><subfield code="a">Weekly</subfield></datafield><datafield ind1=" " ind2=" " tag="336"><subfield code="a">text</subfield><subfield code="b">txt</subfield><subfield code="2">rdacontent</subfield></datafield><datafield ind1=" " ind2=" " tag="337"><subfield code="a">microform</subfield><subfield code="b">h</subfield><subfield code="2">rdamedia</subfield></datafield><datafield ind1=" " ind2=" " tag="338"><subfield code="a">microfilm reel</subfield><subfield code="b">hd</subfield><subfield code="2">rdacarrier</subfield></datafield><datafield ind1="0" ind2=" " tag="362"><subfield code="a">Vol. 1, no. 1 (Oct. 8, 1937)-v. 8, no. 43 (July 27, 1945).</subfield></datafield><datafield ind1=" " ind2=" " tag="525"><subfield code="a">Has supplement: Bucklonian, &lt;Oct. 4, 1939&gt;-Mar. 4, 1943; High school department, Mar. 12, 1940-</subfield></datafield><datafield ind1=" " ind2=" " tag="580"><subfield code="a">Merged with: Buckley banner, to become: Buckley news-banner.</subfield></datafield><datafield ind1=" " ind2=" " tag="533"><subfield code="a">Microfilm.</subfield><subfield code="b">Seattle, Wash. :</subfield><subfield code="c">Filmed by University of Washington Library.</subfield><subfield code="e">2 microfilm reels ; 35 mm.</subfield></datafield><datafield ind1=" " ind2="0" tag="651"><subfield code="a">Buckley (Wash.)</subfield><subfield code="v">Periodicals.</subfield></datafield><datafield ind1=" " ind2="7" tag="651"><subfield code="a">Washington (State)</subfield><subfield code="z">Buckley.</subfield><subfield code="2">fast</subfield><subfield code="0">(OCoLC)fst01223587</subfield></datafield><datafield ind1=" " ind2="7" tag="655"><subfield code="a">Periodicals.</subfield><subfield code="2">fast</subfield><subfield code="0">(OCoLC)fst01411641</subfield></datafield><datafield ind1="0" ind2="2" tag="740"><subfield code="a">Bucklonian.</subfield></datafield><datafield ind1="0" ind2="2" tag="740"><subfield code="a">High school department.</subfield></datafield><datafield ind1=" " ind2=" " tag="752"><subfield code="a">United States</subfield><subfield code="b">Washington</subfield><subfield code="c">Pierce</subfield><subfield code="d">Buckley.</subfield></datafield><datafield ind1="1" ind2=" " tag="776"><subfield code="c">Original</subfield><subfield code="w">(DLC)sn 88085130</subfield><subfield code="w">(OCoLC)17331449</subfield></datafield><datafield ind1="1" ind2="7" tag="785"><subfield code="t">Buckley banner</subfield><subfield code="w">(DLC)  2004252363</subfield><subfield code="w">(OCoLC)42336104</subfield></datafield><datafield ind1="1" ind2="7" tag="785"><subfield code="t">Buckley news-banner</subfield><subfield code="w">(DLC)  2004252364</subfield><subfield code="w">(OCoLC)42336074</subfield></datafield><datafield ind1="1" ind2=" " tag="029"><subfield code="a">AU@</subfield><subfield code="b">000025382997</subfield></datafield></record>